<?xml version="1.0" encoding="UTF-8"?><collection xmlns="http://www.loc.gov/MARC21/slim"><record><leader>00551nam--2200205-u-4500</leader><controlfield tag="001">000050663</controlfield><controlfield tag="002">20161230</controlfield><controlfield tag="005">20161230201048</controlfield><controlfield tag="008">080304s1000------------r-----000-0-eng-d</controlfield><datafield ind1=" " ind2=" " tag="020"><subfield code="a">0-19-850400-4</subfield></datafield><datafield ind1=" " ind2=" " tag="040"><subfield code="a">IFIN-HH</subfield></datafield><datafield ind1=" " ind2=" " tag="080"><subfield code="a">530.145:519.22:512</subfield></datafield><datafield ind1="1" ind2=" " tag="100"><subfield code="a">Alicki, Robert</subfield></datafield><datafield ind1="1" ind2="0" tag="245"><subfield code="a">Quantum Dynamical Systems</subfield><subfield code="c">Robert Alicki, Mark Fannes</subfield></datafield><datafield ind1=" " ind2=" " tag="260"><subfield code="a">Oxford</subfield><subfield code="b">University Press</subfield><subfield code="c">2001</subfield></datafield><datafield ind1=" " ind2=" " tag="300"><subfield code="a">278 p</subfield></datafield><datafield ind1=" " ind2=" " tag="504"><subfield code="a">Includes References and Index</subfield></datafield><datafield ind1="1" ind2=" " tag="700"><subfield code="a">Fannes, Mark</subfield></datafield><datafield ind1=" " ind2=" " tag="852"><subfield code="a">81984</subfield><subfield code="c">530.14</subfield></datafield><datafield ind1=" " ind2=" " tag="CAT"><subfield code="a">Sys</subfield><subfield code="c">20101004</subfield><subfield code="h">123813</subfield></datafield></record></collection>